
@online{MikeSmalesSoundClassificationusingDeepLearning,
	author = "Mike Smales",
	title = "Sound Classification using Deep Learning",
	url  = "https://medium.com/@mikesmales/sound-classification-using-deep-learning-8bc2aa1990b7",
	addendum = "(accessed: 30.09.2019)",
	keywords = "latex,mikesmales"
}

@online{RickyKimUrbanSoundClassificationPart1soundwavedigitalaudiosignal,
	author = "Ricky Kim",
	title = "Urban Sound Classification - Part 1: sound wave, digital audio signal",
	url  = "https://towardsdatascience.com/urban-sound-classification-part-1-99137c6335f9",
	addendum = "(accessed: 30.09.2019)",
	keywords = "latex,RickyKim"
}

@online{RickyKimUrbanSoundClassificationPart2samplerateconversionLibrosa,
	author = "Ricky Kim",
	title = "Urban Sound Classification - Part 2: sample rate conversion, Librosa",
	url  = "https://towardsdatascience.com/urban-sound-classification-part-2-sample-rate-conversion-librosa-ba7bc88f209a",
	addendum = "(accessed: 30.09.2019)",
	keywords = "latex,RickyKim"
}

@online{ URBANSOUND8K-DATASET,
	author = "",
	title = "URBANSOUND8K DATASET",
	url = "https://urbansounddataset.weebly.com/urbansound8k.html",
	keywords = "URBANSOUND8K DATASET"
}

@inproceedings{Salamon:UrbanSound:ACMMM:14,
	Address = {Orlando, FL, USA},
	Author = {Salamon, J. and Jacoby, C. and Bello, J. P.},
	Booktitle = {22nd {ACM} International Conference on Multimedia (ACM-MM'14)},
	Month = {Nov.},
	Pages = {1041--1044},
	Title = {A Dataset and Taxonomy for Urban Sound Research},
	Year = {2014}}
